%%%%%%%%%%%%%%%%%%%%%%%%%%%%%%%%%%%%%%%%%%%%%%%%%%%%%

@article{adrian2009lakes,
	title={Lakes as sentinels of climate change},
	author={Adrian, Rita and O'Reilly, Catherine M and Zagarese, Horacio and Baines, Stephen B and Hessen, Dag O and Keller, Wendel and Livingstone, David M and Sommaruga, Ruben and Straile, Dietmar and Van Donk, Ellen and others},
	journal={Limnology and oceanography},
	volume={54},
	number={6part2},
	pages={2283--2297},
	year={2009},
	publisher={Wiley Online Library}
}

@phdthesis{motschmann2021water,
	title={Water resource risks in the Andes of Peru: an integrative perspective},
	author={Motschmann, Alina},
	year={2021},
	school={University of Zurich}
}

@article{wood2021contemporary,
	title={Contemporary glacial lakes in the Peruvian Andes},
	author={Wood, JL and Harrison, S and Wilson, R and Emmer, A and Yarleque, C and Glasser, NF and Torres, JC and Caballero, A and Araujo, J and Bennett, GL and others},
	journal={Global and Planetary Change},
	volume={204},
	pages={103574},
	year={2021},
	publisher={Elsevier}
}